<record><leader>00000cas a2200000 a 4500</leader><controlfield tag="001">3967993</controlfield><controlfield tag="008">780612c19379999txudn ne      0   a0eng d</controlfield><datafield ind1=" " ind2=" " tag="010"><subfield code="a">sn 79007803 </subfield></datafield><datafield ind1=" " ind2=" " tag="040"><subfield code="a">TXG</subfield><subfield code="b">eng</subfield><subfield code="c">TXG</subfield><subfield code="d">NSD</subfield><subfield code="d">TXG</subfield><subfield code="d">DLC</subfield><subfield code="d">NSD</subfield><subfield code="d">PPM</subfield><subfield code="d">DLC</subfield><subfield code="d">OCL</subfield><subfield code="d">PPM</subfield><subfield code="d">OCL</subfield><subfield code="d">OCLCQ</subfield><subfield code="d">CUS</subfield><subfield code="d">OCLCQ</subfield><subfield code="d">OCLCF</subfield><subfield code="d">OCLCO</subfield></datafield><datafield ind1=" " ind2=" " tag="012"><subfield code="k">1</subfield><subfield code="m">1</subfield><subfield code="l">1</subfield></datafield><datafield ind1=" " ind2=" " tag="019"><subfield code="a">15057809</subfield><subfield code="a">990478846</subfield></datafield><datafield ind1="1" ind2=" " tag="022"><subfield code="a">0199-3267</subfield><subfield code="l">0199-3267</subfield><subfield code="2">1</subfield></datafield><datafield ind1="1" ind2=" " tag="029"><subfield code="a">AU@</subfield><subfield code="b">000020509607</subfield></datafield><datafield ind1="1" ind2=" " tag="029"><subfield code="a">AU@</subfield><subfield code="b">000053273427</subfield></datafield><datafield ind1=" " ind2=" " tag="032"><subfield code="a">003460</subfield><subfield code="b">USPS</subfield></datafield><datafield ind1=" " ind2=" " tag="042"><subfield code="a">nsdp</subfield></datafield><datafield ind1=" " ind2=" " tag="043"><subfield code="a">n-us-tx</subfield></datafield><datafield ind1="0" ind2="0" tag="050"><subfield code="a">Newspaper</subfield></datafield><datafield ind1=" " ind2="0" tag="222"><subfield code="a">Abilene reporter-news</subfield></datafield><datafield ind1="0" ind2="0" tag="245"><subfield code="a">Abilene reporter-news.</subfield></datafield><datafield ind1=" " ind2=" " tag="260"><subfield code="a">Abilene, Tex. :</subfield><subfield code="b">Reporter Pub. Co.</subfield></datafield><datafield ind1=" " ind2=" " tag="300"><subfield code="a">v. :</subfield><subfield code="b">ill. ;</subfield><subfield code="c">58 cm.</subfield></datafield><datafield ind1=" " ind2=" " tag="310"><subfield code="a">Daily</subfield></datafield><datafield ind1="1" ind2=" " tag="362"><subfield code="a">Began in 1937.</subfield></datafield><datafield ind1=" " ind2=" " tag="500"><subfield code="a">"Independent Democratic." Cf. Ayer '85.</subfield></datafield><datafield ind1=" " ind2=" " tag="530"><subfield code="a">Also issued on microfilm from Micro Photo Div., Bell &amp; Howell Co.</subfield></datafield><datafield ind1=" " ind2=" " tag="580"><subfield code="a">Weekly ed.: Abilene reporter-news (Abilene, Tex. : 1926).</subfield></datafield><datafield ind1=" " ind2=" " tag="588"><subfield code="a">Description based on: Vol. 57, no. 50 (July 2, 1937).</subfield></datafield><datafield ind1=" " ind2="0" tag="651"><subfield code="a">Abilene (Tex.)</subfield><subfield code="v">Newspapers.</subfield></datafield><datafield ind1=" " ind2="7" tag="655"><subfield code="a">Newspapers.</subfield><subfield code="2">fast</subfield><subfield code="0">(OCoLC)fst01423814</subfield></datafield><datafield ind1=" " ind2="7" tag="651"><subfield code="a">Texas</subfield><subfield code="z">Abilene.</subfield><subfield code="2">fast</subfield><subfield code="0">(OCoLC)fst01213853</subfield></datafield><datafield ind1=" " ind2=" " tag="752"><subfield code="a">United States</subfield><subfield code="b">Texas</subfield><subfield code="c">Taylor</subfield><subfield code="d">Abilene.</subfield></datafield><datafield ind1="0" ind2="4" tag="780"><subfield code="t">Abilene morning news</subfield><subfield code="w">(DLC)sn 86089656</subfield></datafield><datafield ind1="0" ind2="4" tag="780"><subfield code="t">Abilene daily reporter (Abilene, Tex. : 1897)</subfield><subfield code="w">(DLC)sn 86088321</subfield></datafield></record>